2017-12-23 22:43:59.872 ,QWERTYUIOP01,9128283H1,BUY,10000000,99-281,DONE,
2017-12-23 22:43:59.878 ,QWERTYUIOP02,9128283H1,SELL,20000000,99-123,DONE,
2017-12-23 22:43:59.883 ,QWERTYUIOP03,9128283H1,BUY,30000000,99-287,DONE,
2017-12-23 22:43:59.889 ,QWERTYUIOP04,9128283H1,SELL,40000000,99-255,DONE,
2017-12-23 22:43:59.895 ,QWERTYUIOP05,9128283H1,BUY,50000000,100-263,DONE,
2017-12-23 22:43:59.903 ,QWERTYUIOP06,9128283H1,SELL,50000000,99-147,DONE,
2017-12-23 22:43:59.905 ,QWERTYUIOP07,9128283H1,BUY,40000000,99-093,DONE,
2017-12-23 22:43:59.910 ,QWERTYUIOP08,9128283H1,SELL,30000000,99-020,DONE,
2017-12-23 22:43:59.918 ,QWERTYUIOP09,9128283H1,BUY,20000000,99-040,DONE,
2017-12-23 22:43:59.923 ,QWERTYUIOP10,9128283H1,SELL,10000000,99-177,DONE,
2017-12-23 22:43:59.930 ,ASDFGHJKLZ01,9128283L2,BUY,10000000,100-086,DONE,
2017-12-23 22:43:59.938 ,ASDFGHJKLZ02,9128283L2,SELL,20000000,100-061,DONE,
2017-12-23 22:43:59.944 ,ASDFGHJKLZ03,9128283L2,BUY,30000000,100-103,DONE,
2017-12-23 22:43:59.951 ,ASDFGHJKLZ04,9128283L2,SELL,40000000,100-000,DONE,
2017-12-23 22:43:59.958 ,ASDFGHJKLZ05,9128283L2,BUY,50000000,100-246,DONE,
2017-12-23 22:43:59.964 ,ASDFGHJKLZ06,9128283L2,SELL,50000000,99-001,DONE,
2017-12-23 22:43:59.970 ,ASDFGHJKLZ07,9128283L2,BUY,40000000,99-18+,DONE,
2017-12-23 22:43:59.976 ,ASDFGHJKLZ08,9128283L2,SELL,30000000,99-015,DONE,
2017-12-23 22:43:59.981 ,ASDFGHJKLZ09,9128283L2,BUY,20000000,100-272,DONE,
2017-12-23 22:43:59.989 ,ASDFGHJKLZ10,9128283L2,SELL,10000000,100-197,DONE,
2017-12-23 22:43:59.995 ,XCVBNMPOIU01,912828M80,BUY,10000000,99-27+,DONE,
2017-12-23 22:44:00.002 ,XCVBNMPOIU02,912828M80,SELL,20000000,100-061,DONE,
2017-12-23 22:44:00.011 ,XCVBNMPOIU03,912828M80,BUY,30000000,99-053,DONE,
2017-12-23 22:44:00.019 ,XCVBNMPOIU04,912828M80,SELL,40000000,99-086,DONE,
2017-12-23 22:44:00.027 ,XCVBNMPOIU05,912828M80,BUY,50000000,99-11+,DONE,
2017-12-23 22:44:00.033 ,XCVBNMPOIU06,912828M80,SELL,50000000,100-101,DONE,
2017-12-23 22:44:00.041 ,XCVBNMPOIU07,912828M80,BUY,40000000,100-261,DONE,
2017-12-23 22:44:00.049 ,XCVBNMPOIU08,912828M80,SELL,30000000,100-242,DONE,
2017-12-23 22:44:00.057 ,XCVBNMPOIU09,912828M80,BUY,20000000,100-292,DONE,
2017-12-23 22:44:00.066 ,XCVBNMPOIU10,912828M80,SELL,10000000,99-097,DONE,
2017-12-23 22:44:00.074 ,YTREWQLKJH01,9128283J7,BUY,10000000,100-140,DONE,
2017-12-23 22:44:00.081 ,YTREWQLKJH02,9128283J7,SELL,20000000,99-187,DONE,
2017-12-23 22:44:00.087 ,YTREWQLKJH03,9128283J7,BUY,30000000,100-121,DONE,
2017-12-23 22:44:00.093 ,YTREWQLKJH04,9128283J7,SELL,40000000,99-046,DONE,
2017-12-23 22:44:00.098 ,YTREWQLKJH05,9128283J7,BUY,50000000,99-291,DONE,
2017-12-23 22:44:00.106 ,YTREWQLKJH06,9128283J7,SELL,50000000,100-052,DONE,
2017-12-23 22:44:00.113 ,YTREWQLKJH07,9128283J7,BUY,40000000,100-16+,DONE,
2017-12-23 22:44:00.120 ,YTREWQLKJH08,9128283J7,SELL,30000000,99-315,DONE,
2017-12-23 22:44:00.127 ,YTREWQLKJH09,9128283J7,BUY,20000000,100-220,DONE,
2017-12-23 22:44:00.136 ,YTREWQLKJH10,9128283J7,SELL,10000000,100-277,DONE,
2017-12-23 22:44:00.142 ,GFDSAMNBVC01,9128283F5,BUY,10000000,100-166,DONE,
2017-12-23 22:44:00.150 ,GFDSAMNBVC02,9128283F5,SELL,20000000,100-040,DONE,
2017-12-23 22:44:00.158 ,GFDSAMNBVC03,9128283F5,BUY,30000000,99-161,DONE,
2017-12-23 22:44:00.166 ,GFDSAMNBVC04,9128283F5,SELL,40000000,100-29+,DONE,
2017-12-23 22:44:00.174 ,GFDSAMNBVC05,9128283F5,BUY,50000000,99-052,DONE,
2017-12-23 22:44:00.182 ,GFDSAMNBVC06,9128283F5,SELL,50000000,100-20+,DONE,
2017-12-23 22:44:00.192 ,GFDSAMNBVC07,9128283F5,BUY,40000000,99-023,DONE,
2017-12-23 22:44:00.200 ,GFDSAMNBVC08,9128283F5,SELL,30000000,99-086,DONE,
2017-12-23 22:44:00.210 ,GFDSAMNBVC09,9128283F5,BUY,20000000,99-075,DONE,
2017-12-23 22:44:00.218 ,GFDSAMNBVC10,9128283F5,SELL,10000000,99-035,DONE,
2017-12-23 22:44:00.225 ,XZQWERTYUI01,912810RZ3,BUY,10000000,100-013,DONE,
2017-12-23 22:44:00.236 ,XZQWERTYUI02,912810RZ3,SELL,20000000,99-245,DONE,
2017-12-23 22:44:00.244 ,XZQWERTYUI03,912810RZ3,BUY,30000000,99-002,DONE,
2017-12-23 22:44:00.253 ,XZQWERTYUI04,912810RZ3,SELL,40000000,100-277,DONE,
2017-12-23 22:44:00.260 ,XZQWERTYUI05,912810RZ3,BUY,50000000,100-047,DONE,
2017-12-23 22:44:00.267 ,XZQWERTYUI06,912810RZ3,SELL,50000000,100-013,DONE,
2017-12-23 22:44:00.274 ,XZQWERTYUI07,912810RZ3,BUY,40000000,99-166,DONE,
2017-12-23 22:44:00.282 ,XZQWERTYUI08,912810RZ3,SELL,30000000,100-075,DONE,
2017-12-23 22:44:00.288 ,XZQWERTYUI09,912810RZ3,BUY,20000000,100-012,DONE,
2017-12-23 22:44:00.295 ,XZQWERTYUI10,912810RZ3,SELL,10000000,100-103,DONE,
